@book {ndn,
    author = "Williamson and Schmoys",
    title  = "The Design of Approximation Algorithms",
    year   = "2011"
}

@book {DPV,
    author = "Dasgupta, Papadimitriou and Varizani",
    title  = "Algorithms",
    year   = "2006"
}

@book {JS,
    author = "Johnsonbaugh and Schaefer",
    title  = "Algorithms",
    year   = "2003"
}