@book {DPV,
    author = "Dasgupta, Papadimitriou and Varizani",
    title  = "Algorithms",
    year   = "2006"
}